<record><leader>00000cas a2200000 a 4500</leader><controlfield tag="001">26783137</controlfield><controlfield tag="008">921014d19491966caudn ne      0    0eng c</controlfield><datafield ind1=" " ind2=" " tag="010"><subfield code="a">sn 92068411 </subfield></datafield><datafield ind1=" " ind2=" " tag="040"><subfield code="a">CNK</subfield><subfield code="b">eng</subfield><subfield code="c">CNK</subfield><subfield code="d">CNK</subfield><subfield code="d">OCLCQ</subfield><subfield code="d">OCLCF</subfield><subfield code="d">OCLCO</subfield></datafield><datafield ind1="1" ind2=" " tag="029"><subfield code="a">AU@</subfield><subfield code="b">000025850162</subfield></datafield><datafield ind1=" " ind2=" " tag="042"><subfield code="a">pcc</subfield></datafield><datafield ind1=" " ind2=" " tag="043"><subfield code="a">n-us-ca</subfield></datafield><datafield ind1="0" ind2="0" tag="245"><subfield code="a">Gilroy evening dispatch and the Gilroy advocate.</subfield></datafield><datafield ind1="3" ind2="0" tag="246"><subfield code="a">Gilroy dispatch and the Gilroy advocate</subfield></datafield><datafield ind1=" " ind2=" " tag="260"><subfield code="a">Gilroy, Calif. :</subfield><subfield code="b">Gilroy Dispatch Pub. Co.</subfield></datafield><datafield ind1=" " ind2=" " tag="300"><subfield code="a">v.</subfield></datafield><datafield ind1=" " ind2=" " tag="310"><subfield code="a">Daily (except Sat. and Sun.)</subfield></datafield><datafield ind1="0" ind2=" " tag="362"><subfield code="a">Vol. 82, no. 27 (May 5, 1949)-v. 99, no. 95 (Jan. 4, 1966) = v. 24, no. 175-v. 40, no. 95.</subfield></datafield><datafield ind1=" " ind2=" " tag="500"><subfield code="a">"Evening" appears above masthead ornament.</subfield></datafield><datafield ind1=" " ind2=" " tag="530"><subfield code="a">Master negatives are available for duplication from:</subfield><subfield code="b">California Newspaper Microfilm Archive;</subfield><subfield code="c">positive copies may be purchased by the reel; for further information consult the CNMA at:</subfield><subfield code="u">http://cbsr.ucr.edu</subfield></datafield><datafield ind1=" " ind2="0" tag="651"><subfield code="a">Gilroy (Calif.)</subfield><subfield code="v">Newspapers.</subfield></datafield><datafield ind1=" " ind2="7" tag="655"><subfield code="a">Newspapers.</subfield><subfield code="2">fast</subfield><subfield code="0">(OCoLC)fst01423814</subfield></datafield><datafield ind1=" " ind2="7" tag="651"><subfield code="a">California</subfield><subfield code="z">Gilroy.</subfield><subfield code="2">fast</subfield><subfield code="0">(OCoLC)fst01215510</subfield></datafield><datafield ind1=" " ind2=" " tag="752"><subfield code="a">United States</subfield><subfield code="b">California</subfield><subfield code="c">Santa Clara</subfield><subfield code="d">Gilroy.</subfield></datafield><datafield ind1="0" ind2="4" tag="780"><subfield code="t">Gilroy advocate</subfield><subfield code="w">(DLC)sn 85066423</subfield></datafield><datafield ind1="0" ind2="4" tag="780"><subfield code="t">Gilroy evening dispatch (Gilroy, Calif. : 1925)</subfield><subfield code="w">(DLC)sn2002060516</subfield></datafield><datafield ind1="0" ind2="0" tag="785"><subfield code="t">Gilroy evening dispatch (Gilroy, Calif. : 1966)</subfield><subfield code="w">(DLC)sn2002060517</subfield></datafield></record>